@article{Hofstadter,
  author = {Robert Hofstadter},
  year = {1957},
  title = {Nuclear and nucleon scattering of high-energy electrons},
  journal = {Annual Review of Nuclear and Particle Science.},
  volume = {7},
  pages = {213-316}
}

@article{Diehl,
	title={On the analysis of lepton scattering on longitudinally or transversely polarized protons},
	volume={41},
	ISSN={1434-6052},
	url={http://dx.doi.org/10.1140/epjc/s2005-02242-9},
	DOI={10.1140/epjc/s2005-02242-9},
	number={4},
	journal={The European Physical Journal C},
	publisher={Springer Science and Business Media LLC},
	author={Diehl, M. and Sapeta, S.},
	year={2005},
	month=jun, pages={515–533} 
}


@article{SLAC,
  author = {E. Bloom and D. Coward and H. DeStaebler and et al.},
  year = {1969},
  title = {High-Energy Inelastic ep Scattering at 6-Degrees and 10-Degrees},
  journal = {Physical Review Letters.},
  volume = {23},
  pages = {930-934}
}

@article{Feynman,
  author = {Richard Feynman},
  year = {1969},
  title = {Very High-Energy Collisions of Hadrons},
  journal = {Physical Review Letters.},
  volume = {23},
  pages = {239}
}

@article{Hagler,
  author = {P Hagler},
  year = {2010},
  title = {Hadron structure from lattice quantum chromodynamics},
  journal = {Phys. Rept.},
  volume = {490},
  pages = {49}
}

@article{Breidenbach,
  author = {M Breidenbach},
  year = {1969},
  title = {Observed bahavior of highly inelastic electron-proton scattering},
  journal = {Phys. Rev. Lett.},
  volume = {23},
  pages = {935}
}

@article{Callan-Gross,
  author = {C Callan and D Gross},
  year = {1969},
  title = {High-Energy Electroproduction and the Constitution of the Electric Current},
  journal = {Phys. Rev. Lett.},
  volume = {22},
  pages = {156}
}

@misc{LUND,
  author = {Silvia Ferreres-Sole and Torbjorn Sjostrand},
  year = {2018},
  title = {The Space–Time Structure of Hadronization in the Lund Model},
  archivePrefix = {arXiv},
  eprint = {1808.04619},
  primaryClass = {quant-ph}
}

@article{Barone_2002,
	title={Transverse polarisation of quarks in hadrons},
	volume={359},
	ISSN={0370-1573},
	url={http://dx.doi.org/10.1016/S0370-1573(01)00051-5},
	DOI={10.1016/s0370-1573(01)00051-5},
	number={1–2},
	journal={Physics Reports},
	publisher={Elsevier BV},
	author={Barone, Vincenzo and Drago, Alessandro and Ratcliffe, Philip G.},
	year={2002},
	month=mar, pages={1–168} }

@article{Hadronization,
  author = {Torbjorn Sjostrand},
  year = {1988},
  title = {Status of fragmentation models},
  journal = {International Journal of Modern Physics},
  volume = {3},
  pages = {751-823}
}
